@article{hoppe1998,
  title={Efficient implementation of progressive meshes},
  author={Hoppe, Hugues},
  journal={Computers \& Graphics},
  volume={22},
  number={1},
  pages={27--36},
  year={1998},
  publisher={Elsevier}
}
@article{hoppe,
  title={Progressive meshes},
  author={Hoppe, Hugues},
  journal={ACM SIGGRAPH Proceedings},
  pages={99--108},
  year={1996}
}
